<?xml version="1.0" encoding="UTF-8"?>
<collection xmlns:xsi="http://www.w3.org/2001/XMLSchema-instance" xsi:schemaLocation="http://www.loc.gov/MARC21/slim http://www.loc.gov/standards/marcxml/schema/MARC21slim.xsd" xmlns="http://www.loc.gov/MARC21/slim">
<record>
  <leader>00798cam a22001811  4500</leader>
  <controlfield tag="001">3076452</controlfield>
  <controlfield tag="003">NNC</controlfield>
  <controlfield tag="005">20140528150322.0</controlfield>
  <controlfield tag="008">010828s1928    ua            000 0 ara d</controlfield>
  <datafield tag="035" ind1=" " ind2=" ">
    <subfield code="a">(OCoLC)ocm47859046</subfield>
  </datafield>
  <datafield tag="035" ind1=" " ind2=" ">
    <subfield code="9">ATQ0055CU</subfield>
  </datafield>
  <datafield tag="040" ind1=" " ind2=" ">
    <subfield code="a">ZCU</subfield>
    <subfield code="c">ZCU</subfield>
  </datafield>
  <datafield tag="099" ind1=" " ind2=" ">
    <subfield code="a">893.7K84</subfield>
    <subfield code="a">DS44</subfield>
  </datafield>
  <datafield tag="100" ind1="1" ind2=" ">
    <subfield code="a">Shāṭibī, Abu al-Qāsim ibn Fīrruh,</subfield>
    <subfield code="d">1144-1194.</subfield>
  </datafield>
  <datafield tag="245" ind1="1" ind2="0">
    <subfield code="a">Matn Ḥirz al-amānī wawajh al-tahānī,</subfield>
    <subfield code="b">al-maʻ-rūfah bi-l-Shāṭibīyah,</subfield>
    <subfield code="c">taʾlīf Abī-l-Ḳāsim ibn Fierro ibn Khalaf ibn Aḥmad al-Ruʻainī al-Shāṭibī al-Andalusī. Wamaʻahū Kitāb Taḳrīb al-nafʻ fiʹl-ḳirāʾāt al-sabʻ, taʾlīf Alī Muḥammad al-Ḍabbāʻ.</subfield>
  </datafield>
  <datafield tag="260" ind1=" " ind2=" ">
    <subfield code="a">Miṣr,</subfield>
    <subfield code="b">Maṭb. Muṣṭafā al-Bābī al-Ḥalabī,</subfield>
    <subfield code="c">1347 [1928]</subfield>
  </datafield>
  <datafield tag="300" ind1=" " ind2=" ">
    <subfield code="a">212 p.</subfield>
  </datafield>
  <datafield tag="955" ind1=" " ind2=" ">
    <subfield code="b">CU58887032</subfield>
    <subfield code="d">off,glx</subfield>
    <subfield code="e">893.7K84 DS44</subfield>
  </datafield>
</record>
</collection>